%YAML 1.1
%TAG !u! tag:unity3d.com,2011:
--- !u!4 &5508968180370090374 stripped
Transform:
  m_CorrespondingSourceObject: {fileID: 2090640371877583844, guid: eb14e71745bfc1b4c99ce4b380eb5344, type: 3}
  m_PrefabInstance: {fileID: 5868395958088839778}
  m_PrefabAsset: {fileID: 0}
--- !u!1 &1107391855313103889
GameObject:
  m_ObjectHideFlags: 0
  m_CorrespondingSourceObject: {fileID: 0}
  m_PrefabInstance: {fileID: 0}
  m_PrefabAsset: {fileID: 0}
  serializedVersion: 6
  m_Component:
  - component: {fileID: 2081378568581085646}
  - component: {fileID: 3547228107888497337}
  m_Layer: 0
  m_Name: Groupe3_4
  m_TagString: Untagged
  m_Icon: {fileID: 0}
  m_NavMeshLayer: 0
  m_StaticEditorFlags: 0
  m_IsActive: 1
--- !u!4 &2081378568581085646
Transform:
  m_ObjectHideFlags: 0
  m_CorrespondingSourceObject: {fileID: 0}
  m_PrefabInstance: {fileID: 0}
  m_PrefabAsset: {fileID: 0}
  m_GameObject: {fileID: 1107391855313103889}
  m_LocalRotation: {x: 0, y: 0, z: 0, w: 1}
  m_LocalPosition: {x: 0, y: 0, z: 0}
  m_LocalScale: {x: 1, y: 1, z: 1}
  m_Children:
  - {fileID: 2574835438019898891}
  - {fileID: 5508968180370090374}
  - {fileID: 2528399364004643653}
  m_Father: {fileID: 0}
  m_RootOrder: 0
  m_LocalEulerAnglesHint: {x: 0, y: 0, z: 0}
--- !u!114 &3547228107888497337
MonoBehaviour:
  m_ObjectHideFlags: 0
  m_CorrespondingSourceObject: {fileID: 0}
  m_PrefabInstance: {fileID: 0}
  m_PrefabAsset: {fileID: 0}
  m_GameObject: {fileID: 1107391855313103889}
  m_Enabled: 1
  m_EditorHideFlags: 0
  m_Script: {fileID: 11500000, guid: 92816452193fed746938296e107f7073, type: 3}
  m_Name: 
  m_EditorClassIdentifier: 
  _length: 16
--- !u!4 &2574835438019898891 stripped
Transform:
  m_CorrespondingSourceObject: {fileID: 3926822500331298872, guid: ffd94de489c61a349b7487c67fcdf5ac, type: 3}
  m_PrefabInstance: {fileID: 1568738600462405171}
  m_PrefabAsset: {fileID: 0}
--- !u!4 &2528399364004643653 stripped
Transform:
  m_CorrespondingSourceObject: {fileID: 1404535809914317226, guid: 44c9f97f79778834491df9da25712bb5, type: 3}
  m_PrefabInstance: {fileID: 3488957326416685807}
  m_PrefabAsset: {fileID: 0}
--- !u!1001 &1568738600462405171
PrefabInstance:
  m_ObjectHideFlags: 0
  serializedVersion: 2
  m_Modification:
    m_TransformParent: {fileID: 2081378568581085646}
    m_Modifications:
    - target: {fileID: 3926822500331298872, guid: ffd94de489c61a349b7487c67fcdf5ac, type: 3}
      propertyPath: m_LocalPosition.x
      value: 0.5
      objectReference: {fileID: 0}
    - target: {fileID: 3926822500331298872, guid: ffd94de489c61a349b7487c67fcdf5ac, type: 3}
      propertyPath: m_LocalPosition.y
      value: 2.5
      objectReference: {fileID: 0}
    - target: {fileID: 3926822500331298872, guid: ffd94de489c61a349b7487c67fcdf5ac, type: 3}
      propertyPath: m_LocalPosition.z
      value: 0
      objectReference: {fileID: 0}
    - target: {fileID: 3926822500331298872, guid: ffd94de489c61a349b7487c67fcdf5ac, type: 3}
      propertyPath: m_LocalRotation.x
      value: 0
      objectReference: {fileID: 0}
    - target: {fileID: 3926822500331298872, guid: ffd94de489c61a349b7487c67fcdf5ac, type: 3}
      propertyPath: m_LocalRotation.y
      value: 0
      objectReference: {fileID: 0}
    - target: {fileID: 3926822500331298872, guid: ffd94de489c61a349b7487c67fcdf5ac, type: 3}
      propertyPath: m_LocalRotation.z
      value: 0
      objectReference: {fileID: 0}
    - target: {fileID: 3926822500331298872, guid: ffd94de489c61a349b7487c67fcdf5ac, type: 3}
      propertyPath: m_LocalRotation.w
      value: 1
      objectReference: {fileID: 0}
    - target: {fileID: 3926822500331298872, guid: ffd94de489c61a349b7487c67fcdf5ac, type: 3}
      propertyPath: m_RootOrder
      value: 0
      objectReference: {fileID: 0}
    - target: {fileID: 3926822500331298872, guid: ffd94de489c61a349b7487c67fcdf5ac, type: 3}
      propertyPath: m_LocalEulerAnglesHint.x
      value: 0
      objectReference: {fileID: 0}
    - target: {fileID: 3926822500331298872, guid: ffd94de489c61a349b7487c67fcdf5ac, type: 3}
      propertyPath: m_LocalEulerAnglesHint.y
      value: 0
      objectReference: {fileID: 0}
    - target: {fileID: 3926822500331298872, guid: ffd94de489c61a349b7487c67fcdf5ac, type: 3}
      propertyPath: m_LocalEulerAnglesHint.z
      value: 0
      objectReference: {fileID: 0}
    - target: {fileID: 5595417547176303000, guid: ffd94de489c61a349b7487c67fcdf5ac, type: 3}
      propertyPath: m_Name
      value: FastObstacle
      objectReference: {fileID: 0}
    - target: {fileID: 971219259017099288, guid: ffd94de489c61a349b7487c67fcdf5ac, type: 3}
      propertyPath: useRandomPos
      value: 0
      objectReference: {fileID: 0}
    m_RemovedComponents: []
  m_SourcePrefab: {fileID: 100100000, guid: ffd94de489c61a349b7487c67fcdf5ac, type: 3}
--- !u!1001 &3488957326416685807
PrefabInstance:
  m_ObjectHideFlags: 0
  serializedVersion: 2
  m_Modification:
    m_TransformParent: {fileID: 2081378568581085646}
    m_Modifications:
    - target: {fileID: 1404535809914317226, guid: 44c9f97f79778834491df9da25712bb5, type: 3}
      propertyPath: m_LocalPosition.x
      value: 0.5
      objectReference: {fileID: 0}
    - target: {fileID: 1404535809914317226, guid: 44c9f97f79778834491df9da25712bb5, type: 3}
      propertyPath: m_LocalPosition.y
      value: 0.5
      objectReference: {fileID: 0}
    - target: {fileID: 1404535809914317226, guid: 44c9f97f79778834491df9da25712bb5, type: 3}
      propertyPath: m_LocalPosition.z
      value: 0
      objectReference: {fileID: 0}
    - target: {fileID: 1404535809914317226, guid: 44c9f97f79778834491df9da25712bb5, type: 3}
      propertyPath: m_LocalRotation.x
      value: 0
      objectReference: {fileID: 0}
    - target: {fileID: 1404535809914317226, guid: 44c9f97f79778834491df9da25712bb5, type: 3}
      propertyPath: m_LocalRotation.y
      value: 0
      objectReference: {fileID: 0}
    - target: {fileID: 1404535809914317226, guid: 44c9f97f79778834491df9da25712bb5, type: 3}
      propertyPath: m_LocalRotation.z
      value: 0
      objectReference: {fileID: 0}
    - target: {fileID: 1404535809914317226, guid: 44c9f97f79778834491df9da25712bb5, type: 3}
      propertyPath: m_LocalRotation.w
      value: 1
      objectReference: {fileID: 0}
    - target: {fileID: 1404535809914317226, guid: 44c9f97f79778834491df9da25712bb5, type: 3}
      propertyPath: m_RootOrder
      value: 2
      objectReference: {fileID: 0}
    - target: {fileID: 1404535809914317226, guid: 44c9f97f79778834491df9da25712bb5, type: 3}
      propertyPath: m_LocalEulerAnglesHint.x
      value: 0
      objectReference: {fileID: 0}
    - target: {fileID: 1404535809914317226, guid: 44c9f97f79778834491df9da25712bb5, type: 3}
      propertyPath: m_LocalEulerAnglesHint.y
      value: 0
      objectReference: {fileID: 0}
    - target: {fileID: 1404535809914317226, guid: 44c9f97f79778834491df9da25712bb5, type: 3}
      propertyPath: m_LocalEulerAnglesHint.z
      value: 0
      objectReference: {fileID: 0}
    - target: {fileID: 7540683014740529162, guid: 44c9f97f79778834491df9da25712bb5, type: 3}
      propertyPath: m_Name
      value: SlowObstacle
      objectReference: {fileID: 0}
    - target: {fileID: 5314983350533315309, guid: 44c9f97f79778834491df9da25712bb5, type: 3}
      propertyPath: useRandomPos
      value: 0
      objectReference: {fileID: 0}
    m_RemovedComponents: []
  m_SourcePrefab: {fileID: 100100000, guid: 44c9f97f79778834491df9da25712bb5, type: 3}
--- !u!1001 &5868395958088839778
PrefabInstance:
  m_ObjectHideFlags: 0
  serializedVersion: 2
  m_Modification:
    m_TransformParent: {fileID: 2081378568581085646}
    m_Modifications:
    - target: {fileID: 2090640371877583844, guid: eb14e71745bfc1b4c99ce4b380eb5344, type: 3}
      propertyPath: m_LocalPosition.x
      value: 15.5
      objectReference: {fileID: 0}
    - target: {fileID: 2090640371877583844, guid: eb14e71745bfc1b4c99ce4b380eb5344, type: 3}
      propertyPath: m_LocalPosition.y
      value: 1.5
      objectReference: {fileID: 0}
    - target: {fileID: 2090640371877583844, guid: eb14e71745bfc1b4c99ce4b380eb5344, type: 3}
      propertyPath: m_LocalPosition.z
      value: 0
      objectReference: {fileID: 0}
    - target: {fileID: 2090640371877583844, guid: eb14e71745bfc1b4c99ce4b380eb5344, type: 3}
      propertyPath: m_LocalRotation.x
      value: 0
      objectReference: {fileID: 0}
    - target: {fileID: 2090640371877583844, guid: eb14e71745bfc1b4c99ce4b380eb5344, type: 3}
      propertyPath: m_LocalRotation.y
      value: 0
      objectReference: {fileID: 0}
    - target: {fileID: 2090640371877583844, guid: eb14e71745bfc1b4c99ce4b380eb5344, type: 3}
      propertyPath: m_LocalRotation.z
      value: 0
      objectReference: {fileID: 0}
    - target: {fileID: 2090640371877583844, guid: eb14e71745bfc1b4c99ce4b380eb5344, type: 3}
      propertyPath: m_LocalRotation.w
      value: 1
      objectReference: {fileID: 0}
    - target: {fileID: 2090640371877583844, guid: eb14e71745bfc1b4c99ce4b380eb5344, type: 3}
      propertyPath: m_RootOrder
      value: 1
      objectReference: {fileID: 0}
    - target: {fileID: 2090640371877583844, guid: eb14e71745bfc1b4c99ce4b380eb5344, type: 3}
      propertyPath: m_LocalEulerAnglesHint.x
      value: 0
      objectReference: {fileID: 0}
    - target: {fileID: 2090640371877583844, guid: eb14e71745bfc1b4c99ce4b380eb5344, type: 3}
      propertyPath: m_LocalEulerAnglesHint.y
      value: 0
      objectReference: {fileID: 0}
    - target: {fileID: 2090640371877583844, guid: eb14e71745bfc1b4c99ce4b380eb5344, type: 3}
      propertyPath: m_LocalEulerAnglesHint.z
      value: 0
      objectReference: {fileID: 0}
    - target: {fileID: 6077404133210205416, guid: eb14e71745bfc1b4c99ce4b380eb5344, type: 3}
      propertyPath: m_Name
      value: Mine
      objectReference: {fileID: 0}
    - target: {fileID: 9029711090984426187, guid: eb14e71745bfc1b4c99ce4b380eb5344, type: 3}
      propertyPath: useRandomPos
      value: 0
      objectReference: {fileID: 0}
    m_RemovedComponents: []
  m_SourcePrefab: {fileID: 100100000, guid: eb14e71745bfc1b4c99ce4b380eb5344, type: 3}
